@article{carleo2019machine,
  title={Machine learning and the physical sciences},
  author={Carleo, Giuseppe and Cirac, Ignacio and Cranmer, Kyle and Daudet, Laurent and Schuld, Maria and Tishby, Naftali and Vogt-Maranto, Leslie and Zdeborov{\'a}, Lenka},
  journal={Reviews of Modern Physics},
  volume={91},
  number={4},
  pages={045002},
  year={2019},
  publisher={APS}
}

@article{carrasquilla2020machine,
  title={Machine learning for quantum matter},
  author={Carrasquilla, Juan},
  journal={Advances in Physics: X},
  volume={5},
  number={1},
  pages={1797528},
  year={2020},
  publisher={Taylor \& Francis}
}

@article{johnston2022perspective,
  title={A perspective on machine learning and data science for strongly correlated electron problems},
  author={Johnston, Steven and Khatami, Ehsan and Scalettar, Richard},
  journal={Carbon Trends},
  volume={9},
  pages={100231},
  year={2022},
  publisher={Elsevier}
}
#------------------------ CNN
@article{kingma2014adam,
  title={Adam: A method for stochastic optimization},
  author={Kingma, Diederik P and Ba, Jimmy},
  journal={arXiv preprint arXiv:1412.6980},
  year={2014}
}

@article{lecun1998gradient,
  title={Gradient-based learning applied to document recognition},
  author={LeCun, Yann and Bottou, L{\'e}on and Bengio, Yoshua and Haffner, Patrick},
  journal={Proceedings of the IEEE},
  volume={86},
  number={11},
  pages={2278--2324},
  year={1998},
  publisher={Ieee}
}

@article{krizhevsky2012imagenet,
  title={Imagenet classification with deep convolutional neural networks},
  author={Krizhevsky, Alex and Sutskever, Ilya and Hinton, Geoffrey E},
  journal={Advances in neural information processing systems},
  volume={25},
  year={2012}
}

@book{goodfellow2016deep,
  title={Deep learning},
  author={Goodfellow, Ian and Bengio, Yoshua and Courville, Aaron},
  year={2016},
  publisher={MIT press}
}
#---- phase trasition
@article{carrasquilla2017machine,
  title={Machine learning phases of matter},
  author={Carrasquilla, Juan and Melko, Roger G},
  journal={Nature Physics},
  volume={13},
  number={5},
  pages={431--434},
  year={2017},
  publisher={Nature Publishing Group UK London}
}

@article{wang2016discovering,
  title={Discovering phase transitions with unsupervised learning},
  author={Wang, Lei},
  journal={Physical Review B},
  volume={94},
  number={19},
  pages={195105},
  year={2016},
  publisher={APS}
}

@article{tanaka2017detection,
  title={Detection of phase transition via convolutional neural networks},
  author={Tanaka, Akinori and Tomiya, Akio},
  journal={Journal of the Physical Society of Japan},
  volume={86},
  number={6},
  pages={063001},
  year={2017},
  publisher={The Physical Society of Japan}
}

@article{zhang2018machine,
  title={Machine learning topological invariants with neural networks},
  author={Zhang, Pengfei and Shen, Huitao and Zhai, Hui},
  journal={Physical review letters},
  volume={120},
  number={6},
  pages={066401},
  year={2018},
  publisher={APS}
}

# ---represent wave function--
@article{carleo2017solving,
  title={Solving the quantum many-body problem with artificial neural networks},
  author={Carleo, Giuseppe and Troyer, Matthias},
  journal={Science},
  volume={355},
  number={6325},
  pages={602--606},
  year={2017},
  publisher={American Association for the Advancement of Science}
}

@article{sharir2020deep,
  title={Deep autoregressive models for the efficient variational simulation of many-body quantum systems},
  author={Sharir, Or and Levine, Yoav and Wies, Noam and Carleo, Giuseppe and Shashua, Amnon},
  journal={Physical review letters},
  volume={124},
  number={2},
  pages={020503},
  year={2020},
  publisher={APS}
}

#--simulate many-body--------
@article{chen2018symmetry,
  title={Symmetry-enforced self-learning Monte Carlo method applied to the Holstein model},
  author={Chen, Chuang and Xu, Xiao Yan and Liu, Junwei and Batrouni, George and Scalettar, Richard and Meng, Zi Yang},
  journal={Physical Review B},
  volume={98},
  number={4},
  pages={041102},
  year={2018},
  publisher={APS}
}

@article{wu2019solving,
  title={Solving statistical mechanics using variational autoregressive networks},
  author={Wu, Dian and Wang, Lei and Zhang, Pan},
  journal={Physical review letters},
  volume={122},
  number={8},
  pages={080602},
  year={2019},
  publisher={APS}
}

@article{nagai2017self,
  title={Self-learning Monte Carlo method: Continuous-time algorithm},
  author={Nagai, Yuki and Shen, Huitao and Qi, Yang and Liu, Junwei and Fu, Liang},
  journal={Physical Review B},
  volume={96},
  number={16},
  pages={161102},
  year={2017},
  publisher={APS}
}
@article{liu2017self,
  title={Self-learning Monte Carlo method and cumulative update in fermion systems},
  author={Liu, Junwei and Shen, Huitao and Qi, Yang and Meng, Zi Yang and Fu, Liang},
  journal={Physical Review B},
  volume={95},
  number={24},
  pages={241104},
  year={2017},
  publisher={APS}
}

#--------PyTorch
@article{paszke2019pytorch,
  title={Pytorch: An imperative style, high-performance deep learning library},
  author={Paszke, Adam and Gross, Sam and Massa, Francisco and Lerer, Adam and Bradbury, James and Chanan, Gregory and Killeen, Trevor and Lin, Zeming and Gimelshein, Natalia and Antiga, Luca and others},
  journal={Advances in neural information processing systems},
  volume={32},
  year={2019}
}

#-----cross entropy--
@article{hinton1995wake,
  title={The" wake-sleep" algorithm for unsupervised neural networks},
  author={Hinton, Geoffrey E and Dayan, Peter and Frey, Brendan J and Neal, Radford M},
  journal={Science},
  volume={268},
  number={5214},
  pages={1158--1161},
  year={1995},
  publisher={American Association for the Advancement of Science}
}

#---------my paper---
@article{wang2022topological,
  title={Topological Quantization of Superfluid Stiffness in Dirac Materials},
  author={Wang, Jun-Ang and Assili, Mohamed and Kotetes, Panagiotis},
  journal={arXiv preprint arXiv:2211.07676},
  year={2022}
}